@article{wei2012,
	author = {Wei, Zhou and Pierre, Guillaume and Chi, Chi-Hung},
	title = {Cloud{TPS}: Scalable {T}ransactions for {W}eb {A}pplications in the {C}loud.},
	journal = {IEEE Transactions on Services Computing},
	volume = {},
	number = {},
	year = {2012},
	pages = {} }
@article{baker2011,
	author = {Baker, J. and  Bond, C. and  Corbett, J.C. and  Furman, J. and  Khorlin, A. and  Larson, J. and Leon, J.-M. and Li, Y. and  Lloyd, A. and Yushprakh, V.},
	title = {Megastore: {P}roviding {S}calable, {H}ighly {A}vailable {S}torage for {I}nteractive {S}ervices.},
	journal = {Proc. Conf. Innovative Data Systems Research (CIDR)},
	volume = {},
	number = {},
	year = {2012},
	pages = {} }
@article{kanwar2013,
	author = {Kanwar, Enu and Trivedi, Prakriti and Singh, Kuldeep},
	title = {{NoSQL}, a {S}olution for {D}istributed {D}atabase {M}anagement {S}ystem},
	journal = {International Journal of Computer Applications (0975–8887)},
	volume = {67},
	number = {2},
	year = {2012},
	pages = {} }

@misc{2010,
	abstract = {The present invention includes a weighing compartment that is designed to receive a single fish, mechanically coupled to the weighing compartment, weighed designed to sense the weight exerted on the weighing compartment by the fish devices and related fish sorter having. Another aspect of the present invention (aspect) relates to a method for classifying the fish.},
	author = {スフェン・キュネン},
	file = {:D\:/Mendeley/スフェン・キュネン - 2010 - Fish classification device and fish classification method.pdf:pdf},
	keywords = {Sufen kyunen},
	mendeley-groups = {Thesis},
	pages = {8},
	title = {{Fish classification device and fish classification method}},
	url = {https://patents.google.com/patent/JP5563164B2/en?oq=JP5563164B2},
	year = {2010}
}
@book{FAO2017,
	abstract = {Nicotine, the chemical compound which causes cigarette addiction, could be responsible for some lung cancers. Evidence for genetic influence on smoking behavior and nicotine dependence has prompted a search for susceptibility genes. Furthermore, assessing the impact of sequence variants on smoking-related diseases is important to public health. Recently, the locus containing two genes encoding nicotine acetylcholine receptor subunits, CHRNA3 and CHRNA5, were shown to be associated with lung cancer risk. Here we performed to directly test whether variants at codon 398 (D398N) of CHRNA5 with an effect on nicotine sensitivity in lung cancer cells in vitro. The results showed that nicotine accelerated cell proliferation of lung cancer in time dependent and dose dependent manners and there were different optimal concentrations of nicotine on cell proliferations of lung cancer with CHRNA5 SNP398 variants. Expression of CHRNA5 mRNA was increased in lung cancer cell after nicotine treatment. These results suggest that CHRNA5 variants may be related to nicotine sensitivity in lung cancer. 2010 IEEE.},
	author = {FAO},
	doi = {10.1109/BMEI.2010.5639447},
	file = {:D\:/Mendeley/FAO - 2017 - Statistics Fisheries and Aquaculture Statistics Statistiques Des P{\^{e}}ches.pdf:pdf},
	isbn = {9789250099873},
	mendeley-groups = {Thesis},
	pages = {107pp},
	title = {{Statistics Fisheries and Aquaculture Statistics Statistiques Des P{\^{e}}ches}},
	year = {2017}
}



@article{Powell2003,
	author = {Powell, Kendall},
	doi = {10.1038/426378a},
	issn = {0028-0836},
	journal = {Nature},
	mendeley-groups = {Thesis},
	month = {nov},
	number = {6965},
	pages = {378--379},
	title = {{Eat your veg}},
	url = {https://www.nature.com/articles/426378a http://www.nature.com/articles/426378a},
	volume = {426},
	year = {2003}
}
@book{Woynarovich2011,
	abstract = {This technical paper is a basic guide to the starting and successful practice of small-scale trout farming. It summarizes all the technical information that it is important to know for small-scale trout production. In mountainous regions, where water resources could support profitable trout farming, protection of the environment is also important. Therefore, this technical paper contains sections with information about the basics of efficient treatment of trout farm effluents. The concept of this technical paper is to guide the reader through the necessary technical information, related practical solutions and the steps of preparation of both investment in and day-to-day operation of a small-scale rainbow trout farm. In order to satisfy interest for specific details, a glossary has been compiled and tables and annexes attached. Explanations are short but together with their illustrations they should be informative. Hence, it is hoped that this combination will facilitate easy understanding and learning of rainbow trout farming.},
	author = {Woynarovich, Andr{\'{a}}s and Hoitsy, Gy{\"{o}}rgy and Moth-Poulsen, Thomas},
	booktitle = {FAO fisheries and aquaculture},
	file = {:D\:/Mendeley/Woynarovich, Hoitsy, Moth-Poulsen - 2011 - Small-scale rainbow trout farming.pdf:pdf},
	isbn = {9789251068199},
	issn = {2070-7010},
	keywords = {ASFA 1: Biological Sci,ASFA Aquaculture Abstracts,Aquaculture effluents,Aquaculture techniques,Bibliographies,Cost analysis,Culture tanks,Disease control,Effluents,Environment management,Feed,Fish culture,Fish diseases,Freshwater,Glossaries,Ground water,Illustrations,Investments,Manuals,Mountains,Oncorhynchus mykiss,Pond culture,Prophylaxis,Q1 01582:Fish culture,Q3 01588:Effects of Aquaculture on the Environment,Rainbow trout,Rearing,Seed production,Site selection,Small scale aquaculture,Water resources},
	mendeley-groups = {Thesis},
	pages = {81p},
	title = {{Small-scale rainbow trout farming}},
	url = {http://search.proquest.com/docview/1268652225?accountid=14643%5Cnhttp://mlbsfx.sibi.usp.br:3410/sfxlcl41?url_ver=Z39.88-2004&rft_val_fmt=info:ofi/fmt:kev:mtx:book&genre=book&sid=ProQ:Aquatic+Science+&+Fisheries+Abstracts+(ASFA)+Aquaculture+Abstracts&atitl},
	year = {2011}
}
@article{FAO2014,
	abstract = {Como es de amplio conocimiento, el consumo de productos pesqueros tiene importantes beneficios nutricionales. Es as{\'{i}} como el pescado y los mariscos se constituyen en un componente importante para alcanzar una dieta balanceada y saludable, especialmente en los ni{\~{n}}os y mujeres embarazadas, ya que no solo aporta prote{\'{i}}nas, sino tambi{\'{e}}n {\'{a}}cidos grasos y otros nutrientes y micronutrientes esenciales para el buen desarrollo y funcionamiento del cuerpo humano. Es as{\'{i}} como la inclusi{\'{o}}n del pescado en la dieta reduce el riesgo de que las mujeres den a luz a ni{\~{n}}os con un desarrollo sub{\'{o}}ptimo del cerebro y del sistema nervioso. Seg{\'{u}}n datos de la Organizaci{\'{o}}n de las Naciones Unidas para la Alimentaci{\'{o}}n y la Agricultura (FAO), el pescado representa a nivel mundial el 17% del consumo de prote{\'{i}}nas de origen animal. Por otra parte, Guatemala es uno de los pa{\'{i}}ses con el menor consumo per c{\'{a}}pita de pescado en la regi{\'{o}}n (4.4 libras) lo que lo deja muy distante del promedio mundial (36 libras). La falta de disponibilidad y de acceso a este alimento podr{\'{i}}a ser una de las principales causas para el bajo consumo de pescado en el pa{\'{i}}s. Sin embargo, durante los {\'{u}}ltimos a{\~{n}}os, la pesca y la acuicultura han evolucionado significativamente en Guatemala desde la perspectiva productiva, econ{\'{o}}mica y social. Estos cambios han permitido formular l{\'{i}}neas de pol{\'{i}}tica que han contribuido a su desarrollo y han permitido que el consumo de estos productos adquiera mayor relevancia, como fuente de alimento de alto valor nutritivo, de generaci{\'{o}}n de trabajo; y de ingresos para las familias vinculadas al sector y a la econom{\'{i}}a del pa{\'{i}}s.},
	author = {FAO},
	file = {:D\:/Mendeley/FAO - 2014 - Manual Pr{\'{a}}ctico para el Cultivo de la Trucha Arco{\'{i}}ris.pdf:pdf},
	journal = {FAO Fisheries and Aquaculture},
	mendeley-groups = {Thesis},
	pages = {44},
	title = {{Manual Pr{\'{a}}ctico para el Cultivo de la Trucha Arco{\'{i}}ris}},
	url = {http://www.fao.org/3/a-bc354s.pdf},
	year = {2014}
}
@misc{FAIVRE2019,
	abstract = {Grader fish counters},
	author = {FAIVRE},
	mendeley-groups = {Thesis},
	pages = {1},
	title = {{Grader fish counters}},
	url = {http://www.faivre.fr/index.php/en/products/fish-counters},
	urldate = {2019-09-29},
	year = {2019}
}
@misc{2017,
	abstract = {La invenci{\'{o}}n revela un m{\'{e}}todo de cr{\'{i}}a integrado para el esturi{\'{o}}n y la trucha arco iris. El m{\'{e}}todo comprende los siguientes pasos: organizar una piscina para la cr{\'{i}}a de esturiones y una zanja para la cr{\'{i}}a de truchas arco iris, esterilizar la piscina para la cr{\'{i}}a de esturiones y la zanja para la cr{\'{i}}a de truchas arco iris, sumergir los alevines de esturi{\'{o}}n y los alevines de truches arco iris en agua salada con un 3-5 % de peso durante 3-5 minutos y, a continuaci{\'{o}}n, colocarlos en la piscina para la cr{\'{i}}a de esturiones y en la zanja para la cr{\'{i}}a de truches de truches arco iris, respectivamente; a{\~{n}}adiendo uniformemente el alimento especial de pellets de esturi{\'{o}}n a la piscina de cultivo de esturi{\'{o}}n, donde la proporci{\'{o}}n entre el peso diario del alimento especial de pellets de esturi{\'{o}}n y el peso corporal de los alevines de esturi{\'{o}}n es ( 5-6): 100; despu{\'{e}}s de 3-4 horas, agregando alimento especial de pellets de trucha arco iris a la zanja de cr{\'{i}}a de truchas arco iris, donde la proporci{\'{o}}n entre el peso diario agregado del alimento especial de pellets de trucha arco iris y el peso corporal de los alevines de trucha arco iris es ( 1-2): 100, la frecuencia de alimentaci{\'{o}}n es de 3 veces al d{\'{i}}a, y la cantidad de alimentaci{\'{o}}n es la misma cada vez; la desinfecci{\'{o}}n se realiza utilizando agentes antibacterianos, donde la dosis de los agentes antimicrobianos es de 7-9 kg/ 667 m<3>, y la frecuencia de utilizaci{\'{o}}n de los agentes antimicrobianos es de una vez cada 30-40 d{\'{i}}as. Traducci{\'{o}}n realizada con el traductor www.DeepL.com/Translator},
	author = {沈蓓杰 and 章星明 and 孙德祥 and 李正荣 and 许世富 and 俞爱萍 and 周洵 and 芮金兵},
	file = {:D\:/Mendeley/沈蓓杰 et al. - 2017 - M{\'{e}}todo de cr{\'{i}}a integrado para la trucha de esturi{\'{o}}n y la trucha arco iris.pdf:pdf},
	mendeley-groups = {Thesis},
	pages = {9},
	title = {{M{\'{e}}todo de cr{\'{i}}a integrado para la trucha de esturi{\'{o}}n y la trucha arco iris}},
	url = {https://patents.google.com/patent/CN107258625A/en?q=trout&q=farming&oq=trout+farming},
	year = {2017}
}
@misc{FAIVRE2018,
	abstract = {The SPS system provides a unique precise and safe sorting. In 1987 FAIVRE company developed the SPS TECHNOLOGY based on a unique sorting-conveying system. With this exclusive patented technology, our automatic fish graders can sort any fish species : trouts, salmons, sea bass, sea breams, tilapias, eels, carps, perches, barramundi...},
	author = {FAIVRE},
	mendeley-groups = {Thesis},
	pages = {2},
	title = {{Principle of the SPS technology}},
	url = {http://www.faivre.fr/index.php/en/products/fish-graders/19-en-produits/183-en-fish-grader-sps},
	urldate = {2019-09-23},
	year = {2018}
}
@misc{Andina2019,
	abstract = {El sector acu{\'{i}}cola peruano estar{\'{a}} en condiciones de conquistar nuevos mercados de exportaci{\'{o}}n luego de las medidas implementadas por el Gobierno para impulsar su desarrollo, afirm{\'{o}} hoy el Ministerio de Econom{\'{i}}a y Finanzas (MEF).},
	author = {Andina},
	mendeley-groups = {Thesis},
	pages = {1},
	title = {{Sector acu{\'{i}}cola peruano conquistar{\'{a}} nuevos mercados de exportaci{\'{o}}n}},
	url = {https://andina.pe/agencia/noticia-sector-acuicola-peruano-conquistara-nuevos-mercados-exportacion-759533.aspx},
	urldate = {2019-09-20},
	year = {2019}
}
@misc{FAIVRE2019a,
	abstract = {FAIVRE presenta una gama completa de seleccionadores autom{\'{a}}ticos a los profesionales interesados en la calidad de la selecci{\'{o}}n de sus peces. El sistema patentado SPS ofrece las garant{\'{i}}as necesarias para una selecci{\'{o}}n precisa y r{\'{a}}pida, incluso con las especies m{\'{a}}s fr{\'{a}}giles.},
	author = {FAIVRE},
	file = {:D\:/Mendeley/FAIVRE - 2019 - Seleccionadores autom{\'{a}}ticos.pdf:pdf},
	keywords = {salmon,trout,trucha},
	mendeley-groups = {Thesis},
	pages = {1--2},
	publisher = {FAIVRE},
	title = {{Seleccionadores autom{\'{a}}ticos}},
	url = {http://www.faivre.fr/index.php/en/products/fish-graders/fish-grader-helios-25},
	year = {2019}
}
@article{Gilbert,
	author = {Gilbert, Ronnie J and Extension, Cooperative and Service, Cooperative Extension},
	file = {:D\:/Mendeley/Gilbert, Extension, Service - Unknown - Trout Production.pdf:pdf},
	mendeley-groups = {Thesis},
	title = {{Trout Production}}
}
@misc{Daley2018,
	abstract = {A Norwegian aquaculture company plans to combat sea lice and other problems by monitoring individual salmon in a high-tech fish farms.},
	author = {Daley, Jason},
	booktitle = {Smart News},
	mendeley-groups = {Thesis},
	pages = {1},
	title = {{How Fish Farms Can Use Facial Recognition to Survey Sick Salmon}},
	url = {https://www.smithsonianmag.com/smart-news/facial-recognition-will-be-used-monitor-fish-faces-180970493/},
	urldate = {2019-09-23},
	year = {2018}
} 
@article{Hardy2009,
	abstract = {General Information Rainbow trout are coldwater fish that have long been symbolic of clear, healthy mountain streams and lakes in North America. Because of their ability to thrive in hatcheries, rainbow trout have been introduced into much of the United States and now inhabit many streams and lakes throughout the country. The popularity of rain-bow trout among anglers has placed it among the top five sport fishes in North America, and it is considered by many to be the most important game fish west of the Rocky Mountains. However, reduction of good quality trout habitat due to streambank and upland soil erosion, loss of riparian vegetation, water diversion, logging and mining activities, and point and non–point source pollution from municipal development and agriculture have significantly reduced the distribution and abundance of rainbow trout. In addition, construction of dams, road crossings, and other structures impede the ability of rainbow trout to migrate upstream and down-stream, which is critical to successful completion of their life cycles. Consequently, nine different populations of steelhead (sea-run rainbow trout) have been added to the federal endangered species list. Implementing sound land management practices and stream and riparian improvements on private lands can help improve coldwater habitats used by rainbow trout and a host of other aquatic species. The life history requirements of the species vary tremendously depending on where the trout lives and whether it spends its life entirely in freshwater, or migrates to the sea for several years of growth be-fore returning to its freshwater birthplace to spawn. This leaflet will concentrate on the life history re-quirements of resident rainbow and redband trout, and the freshwater habitat needs of steelhead, collectively referred to here as rainbow trout. This leaflet is designed to introduce the habitat requirements of rainbow trout and to assist private landowners and man-agers in the development of trout habitat management plans. The success of any aquatic species management plan depends on targeting the needs of the desired species, analyzing the designated habitat area as a whole to ensure that all required habitat elements are present, and determining what management actions will best improve a stream or lake for the species and its biotic community. Range},
	author = {Hardy, R. W.},
	doi = {10.1079/9780851995199.0184},
	file = {:D\:/Mendeley/Hardy - 2009 - Rainbow trout, Oncorhynchus mykiss.pdf:pdf},
	journal = {Nutrient requirements and feeding of finfish for aquaculture},
	mendeley-groups = {Thesis},
	number = {13},
	pages = {184--202},
	title = {{Rainbow trout, Oncorhynchus mykiss.}},
	year = {2009}
}
@phdthesis{Para2018,
	author = {Para, Tesis and El, Optar},
	file = {:D\:/Mendeley/Para, El - 2018 - DIAGN{\'{O}}STICO SITUACIONAL DE LA CRIANZA DE TRUCHAS ARCO IRIS ( Oncorhynchus mykiss ) EN CENTROS DE CULTIVO DEL LAGO TITI.pdf:pdf},
	mendeley-groups = {Thesis},
	title = {{DIAGN{\'{O}}STICO SITUACIONAL DE LA CRIANZA DE TRUCHAS ARCO IRIS ( Oncorhynchus mykiss ) EN CENTROS DE CULTIVO DEL LAGO TITICACA}},
	year = {2018}
} 
@book{Pahl2007,
	abstract = {Engineering design must be carefully planned and systematically executed. In particular, engineering design methods must integrate the many different aspects of designing and the priorities of the end-user. Engineering Design (3rd edition) describes a systematic approach to engineering design. The authors argue that such an approach, applied flexibly and adapted to a particular task, is essential for successful product development. The design process is first broken down into phases and then into distinct steps, each with its own working methods. The third edition of this internationally-recognised text is enhanced with new perspectives and the latest thinking. These include extended treatment of product planning; new sections on organisation structures, simultaneous engineering, leadership and team behaviour; and updated chapters on quality methods and estimating costs. New examples have been added and existing ones extended, with additions on design to minimise wear, design for recycling, mechanical connections, mechatronics, and adaptronics.},
	address = {London},
	author = {Pahl, Gerhard and Beitz, Wolfgang and Feldhusen, J{\"{o}}rg and Grote, Karl-Heinrich},
	doi = {10.1007/978-1-84628-319-2},
	edition = {3},
	isbn = {978-1-84628-318-5},
	mendeley-groups = {Thesis},
	pages = {617},
	publisher = {Springer London},
	title = {{Engineering Design}},
	url = {http://link.springer.com/10.1007/978-1-84628-319-2},
	year = {2007}
}
@techreport{Agroindustria,
	author = {{Ministerio de Agroindustria de Argentina}},
	file = {:D\:/Mendeley/Agroindustria - Unknown - An{\'{a}}lisis de los costos de una producci{\'{o}}n de trucha arco iris en sistema intensivo en jaulas flotantes.pdf:pdf},
	mendeley-groups = {Thesis},
	title = {{An{\'{a}}lisis de los costos de una producci{\'{o}}n de trucha arco iris en sistema intensivo en jaulas flotantes}}
}
@misc{Institucional2019,
	author = {{Ministerio de la Producci{\'{o}}n del Per{\'{u}}}},
	file = {:D\:/Mendeley/Institucional, Peruanos, Vea - 2019 - los d{\'{i}}as martes ! patrimonio de la humanidad ! es.pdf:pdf},
	mendeley-groups = {Thesis},
	title = {{Produciendo Per{\'{u}} Marzo 2019}},
	year = {2019}
}

